@book{EvolutionGameDesign,
	author	= {{Cameron Browne}},
	title		= {Evolutionary Game Design},
	publisher= {Springer London},
	year		= {2011},
	note		= {ISBN: 978-1-4471-2178-7}
}

@article{yvalath,
	author	= {{Cameron Browne}},
	title		= {Yavalath},
	JOURNAL	= {\url{www.cameronius.com/games/yavalath/}},
	year		= {2007},
}

@manual{yvalathHP,
	organization	= {Cameron Browne (c)},
	title		= {{The Game Publication}},
	JOURNAL	= {\url{http://www.cameronius.com/games/yavalath}},
	year		= {2007}
}

@manual{yvalathBGG,
	organization	= {BoardGameGeek},
	title		= {{Yavalath: On Evolutionary Game Design}},
	JOURNAL	= {\url{http://boardgamegeek.com/blogpost/2814/yavalath-on-evolutionary-game-design}},
	year		= {2011},
	month		= {Jun}
}

@article{paper:mcts,
	author	= {{GUILLAUME M.J-B. CHASLOT, MARK H.M. WINANDS, H. JAAP VAN DEN HERIK, JOS W.H.M. UITERWIJK, BRUNO BOUZY}},
	title		= {PROGRESSIVE STRATEGIES FOR MONTE-CARLO TREE SEARCH},
	JOURNAL	= {\url{http://www.personeel.unimaas.nl/g-chaslot/papers/newMath.pdf}},
	year		= {2008},
}

@misc{ wiki:mcts,
   author = {Wikipedia},
   title = {{Monte-Carlo tree search}},
   url = {\url{http://en.wikipedia.org/wiki/Monte-Carlo_tree_search}},
   note = {[Online; accessed 28-October-2013]}
 }
 
 @manual{mcts,
	organization	= {Computational Creativity Group, Imperial College London},
	title		= {{Monte Carlo Tree Search}},
	JOURNAL	= {\url{http://mcts.ai/index.html}}
}

@article{paper:ucb1,
	author	= {{PETER AUER, NICOLO CESA-BIANCHI, PAUL FISCHER}},
	title		= {Finite-time Analysis of the Multiarmed Bandit Problem},
	JOURNAL	= {\url{http://moodle.technion.ac.il/pluginfile.php/192340/mod_resource/content/0/UCB.pdf}},
	year		= {2002},
}

@mastersthesis{thesis:uct,
	author = {{Jan Schaefer}},
	title = {The UCT Algorithm Applied to Games with Imperfect Information},
	school = {Otto-von-Guericke-Universitaet Magdeburg},
	year = {2008}
}
http://www.b0n541.net/study/jan_schaefer_uct_algorithm_applied_to_games_with_imperfect_information.pdf